% Streamline variability plot creating bands and mean lines for showing cetnrality and spread
@ARTICLE{ferstl2016,
  author={Ferstl, Florian and Bürger, Kai and Westermann, Rüdiger},
  journal={IEEE Transactions on Visualization and Computer Graphics}, 
  title={Streamline Variability Plots for Characterizing the Uncertainty in Vector Field Ensembles}, 
  year={2016},
  volume={22},
  number={1},
  pages={767-776},
  keywords={Principal component analysis;Market research;Uncertainty;Data visualization;Visualization;Transforms;Feature extraction;Ensemble visualization;uncertainty visualization;flow visualization;streamlines;statistical modeling;Ensemble visualization;uncertainty visualization;flow visualization;streamlines;statistical modeling},
  doi={10.1109/TVCG.2015.2467204}}


% Original paper proposed by Helwig. Contour Box Plots. Band Depth
@ARTICLE{whitaker2013,
  author={Whitaker, Ross T. and Mirzargar, Mahsa and Kirby, Robert M.},
  journal={IEEE Transactions on Visualization and Computer Graphics}, 
  title={Contour Boxplots: A Method for Characterizing Uncertainty in Feature Sets from Simulation Ensembles}, 
  year={2013},
  volume={19},
  number={12},
  pages={2713-2722},
  keywords={Data visualization;Shape analysis;Uncertainty;Computational modeling;Weather forecasting;Numerical models;Statistical analysis;Data visualization;Shape analysis;Uncertainty;Computational modeling;Weather forecasting;Numerical models;Statistical analysis;order statistics;Uncertainty visualization;Boxplots;band depth;ensemble visualization},
  doi={10.1109/TVCG.2013.143}}


@INBOOK{munzner2014,
  author    = "Munzner, Tamara",
  title     = "Visualization Analysis and Design",
  chapter   = 3,
  publisher = "CRC Press",
  year      = 2014,
}
